@article{codata2014,
  title = {CODATA recommended values of the fundamental physical constants: 2014},
  author = {Mohr, Peter J. and Newell, David B. and Taylor, Barry N.},
  journal = {Rev. Mod. Phys.},
  volume = {88},
  issue = {3},
  pages = {035009},
  numpages = {73},
  year = {2016},
  month = {Sep},
  publisher = {American Physical Society},
  doi = {10.1103/RevModPhys.88.035009},
  url = {https://link.aps.org/doi/10.1103/RevModPhys.88.035009}
}