@article{curry1995,
author = {Byron Curry and Dave Riggins and P. B. Siegel},
title = {Data analysis in the undergraduate nuclear laboratory},
journal = {American Journal of Physics},
volume = {63},
number = {1},
pages = {71-76},
year = {1995},
doi = {10.1119/1.17771},
URL = {https://dx.doi.org/10.1119/1.17771},
eprint = {https://dx.doi.org/10.1119/1.17771}
}


