@article{fiske1984,
author = {Thomas G. Fiske and James R. Jadrich and Michael J. Zender},
title = {Unknown gamma emitter identification for an advanced physics laboratory class, or don’t throw away your old Sn‐113 source},
journal = {American Journal of Physics},
volume = {52},
number = {1},
pages = {76-77},
year = {1984},
doi = {10.1119/1.13826},
URL = {https://dx.doi.org/10.1119/1.13826},
eprint = {https://dx.doi.org/10.1119/1.13826}
}


