@article{gucker1971,
author = {E. J. Gucker and F. K. Milano and R. V. Mancuso},
title = {More on Undergraduate Measurements of Counting Statistics},
journal = {American Journal of Physics},
volume = {39},
number = {11},
pages = {1401-1402},
year = {1971},
doi = {10.1119/1.1976673},
URL = { 
        http://dx.doi.org/10.1119/1.1976673
    
},
eprint = { 
        http://dx.doi.org/10.1119/1.1976673
    
}
}


