@article{jolivette1994,
author = {P. L. Jolivette and N. Rouze},
title = {Compton scattering, the electron mass, and relativity: A laboratory experiment},
journal = {American Journal of Physics},
volume = {62},
number = {3},
pages = {266-271},
year = {1994},
doi = {10.1119/1.17611},
URL = {https://dx.doi.org/10.1119/1.17611},
eprint = {https://dx.doi.org/10.1119/1.17611}
}


