@article{joyce1969,
author = {W. B. Joyce},
title = {Origin of Counting Statistics in Simple Nucleonic Instruments},
journal = {American Journal of Physics},
volume = {37},
number = {5},
pages = {489-494},
year = {1969},
doi = {10.1119/1.1975651},
URL = { 
        http://dx.doi.org/10.1119/1.1975651
},
eprint = { 
        http://dx.doi.org/10.1119/1.1975651
    
}
}


