@article{luetzelschwab1983,
author = {John Luetzelschwab},
title = {Determining the age of gas lantern mantles using gamma-ray analysis},
journal = {American Journal of Physics},
volume = {51},
number = {6},
pages = {538-542},
year = {1983},
doi = {10.1119/1.13490},
URL = {https://dx.doi.org/10.1119/1.13490},
eprint = {https://dx.doi.org/10.1119/1.13490}
}
