@techreport{nist_absorption,
institution={National Institute of Standards and Technology},
title={ Tables of X-Ray Mass Attenuation Coefficients and Mass Energy-Absorption Coefficients (version 1.4) [Online]},
author={Hubbell, J.H. and Seltzer, S.M.},
year={2004},
month={May},
note={Originally published as NISTIR 5632, National Institute of Standards and Technology, Gaithersburg, MD (1995).},
url={http://physics.nist.gov/xaamdi},
}