@manual{peterson1996,
title = {Experimental gamma Ray Spectroscopy and Investigations of Environmental Radioactivity},
author = {R. S. Peterson},
organization = {Spectrum Techniques},
year = {1996}
}
