@article{ruby1977,
author = {Lawrence Ruby},
title = {Binomial aspects of radioactivity},
journal = {American Journal of Physics},
volume = {45},
number = {4},
pages = {380-381},
year = {1977},
doi = {10.1119/1.10849},
URL = { 
        http://dx.doi.org/10.1119/1.10849
    
},
eprint = { 
        http://dx.doi.org/10.1119/1.10849
    
}
}


