@book{TabRad_v7,
  title={Table of Radionuclides},
  author={B\'e, M.-M. and Chist\'e, V. and Dulieu, C. and Mougeot, X. and Chechev, V.P. and Kondev, F.G. and Nichols, A.L. and Huang, X. and Wang, B.},
  volume={7},
  isbn={978-92-822-2248-5},
  series={Monographie BIPM-5},
  url={http://www.bipm.org/utils/common/pdf/monographieRI/Monographie_BIPM-5_Tables_Vol7.pdf},
  year={2013},
  publisher={Bureau International des Poids et Mesures},
  address={Pavillon de Breteuil, F-92310 S\`evres, France}
}
