@book{TabRad_v3,
  title={Table of Radionuclides},
  author={B\'e, M.-M. and Chist\'e, V. and Dulieu, C. and Browne, E. and Baglin, C. and Chechev, V. and Kuzmenko, N. and Helmer, R. and Kondev, F. and MacMahon, D. and Lee, K.B.},
  volume={3},
  isbn={92-822-2218-7},
  series={Monographie BIPM-5},
  url={http://www.bipm.org/utils/common/pdf/monographieRI/Monographie_BIPM-5_Tables_Vol3.pdf},
  year={2006},
  publisher={Bureau International des Poids et Mesures},
  address={Pavillon de Breteuil, F-92310 S\`evres, France}
}
