@book{TabRad_v6,
  title={Table of Radionuclides},
  author={B\'e, M.-M. and Chist\'e, V. and Dulieu, C. and Mougeot, X. and Chechev, V. and Kuzmenko, N. and Kondev, F. and Luca, A. and Gal\'an, M. and Nichols, A.L. and Arinc, A. and Pearce, A. and Huang, X. and Wang, B.},
  volume={6},
  isbn={92-822-2242-3},
  series={Monographie BIPM-5},
  url={http://www.bipm.org/utils/common/pdf/monographieRI/Monographie_BIPM-5_Tables_Vol6.pdf},
  year={2011},
  publisher={Bureau International des Poids et Mesures},
  address={Pavillon de Breteuil, F-92310 S\`evres, France}
}
