@book{TabRad_v8,
  title={Table of Radionuclides},
  author={B\'e, M.-M. and Chist\'e, V. and Dulieu, C. and Kellett, M.A. and Mougeot, X. and Arinc, A. and Chechev, V.P. and Kuzmenko, N.K. and Kib\'edi, T. and Luca, A. and Nichols, A.L.},
  volume={8},
  isbn={978-92-822-2264-5},
  series={Monographie BIPM-5},
  url={http://www.bipm.org/utils/common/pdf/monographieRI/Monographie_BIPM-5_Tables_Vol8.pdf},
  year={2016},
  publisher={Bureau International des Poids et Mesures},
  address={Pavillon de Breteuil, F-92310 S\`evres, France}
}
