@book{TabRad_v2,
  title={Table of Radionuclides},
  author={B\'e, M.-M. and Chist\'e, V. and Dulieu, C. and Browne, E. and Chechev, V. and Kuzmenko, N. and Helmer, R. and Nichols, A. and Sch\"onfeld, E. and Dersch, R.},
  volume={2},
  isbn={92-822-2207-1},
  series={Monographie BIPM-5},
  url={http://www.bipm.org/utils/common/pdf/monographieRI/Monographie_BIPM-5_Tables_Vol2.pdf},
  year={2004},
  publisher={Bureau International des Poids et Mesures},
  address={Pavillon de Breteuil, F-92310 S\`evres, France}
}
