@article{venkataramaiah1978,
author = {P. Venkataramaiah and H. Sanjeeviah and B. Sanjeevaiah},
title = {Energy dependence of the relative halfwidth of gamma-ray lines in NaI(Tl) crystalsâ€”a laboratory experiment},
journal = {American Journal of Physics},
volume = {46},
number = {3},
pages = {292-293},
year = {1978},
doi = {10.1119/1.11142},
URL = {https://dx.doi.org/10.1119/1.11142},
eprint = {http://dx.doi.org/10.1119/1.11142}
}
